@inproceedings{moradi2021community,
  title={Community formation and detection on GitHub collaboration networks},
  author={Moradi-Jamei, Behnaz and Kramer, Brandon L and Calder{\'o}n, J Bayo{\'a}n Santiago and Korkmaz, Gizem},
  booktitle={Proceedings of the 2021 IEEE/ACM International Conference on Advances in Social Networks Analysis and Mining},
  pages={244--251},
  year={2021},
  Summary = {1.8 million github users and repository contribution. Renwel-Nonbacktracking Random Walks for cyclic network structure, users tendency toward preferential attachment, effects of user location, }
}
@inproceedings{pirro2021edge,
  title={Edge-centric network analysis},
  author={Pirr{\'o}, Giuseppe},
  booktitle={Proceedings of the 2021 IEEE/ACM International Conference on Advances in Social Networks Analysis and Mining},
  pages={252--256},
  year={2021},
  points = {dataset: arXiv (18772n nodes and 198110 edges)community detection via edge embeddings/clustering.Used modularity based algorithm, identified intra-community edges and labeled with id of the community it belongs to. }
}

@inproceedings{rajeh2021identifying,
  title={Identifying influential nodes using overlapping modularity vitality},
  author={Rajeh, Stephany and Savonnet, Marinette and Leclercq, Eric and Cherifi, Hocine},
  booktitle={Proceedings of the 2021 IEEE/ACM International Conference on Advances in Social Networks Analysis and Mining},
  pages={257--264},
  year={2021}, 
  doi = {https://doi.org/10.1145/3487351.3488277},
  summary = {to control diffusion phenomena, overlapping community, node belongs to multiple communities, community structure variates with removing a node, SIR model}
}

@inproceedings{hudson2021centrality,
  title={The centrality of edges based on their role in induced triads},
  author={Hudson, Lauren and Whitaker, Roger M and Allen, Stuart M and Turner, Liam D and Felmlee, Diane},
  booktitle={Proceedings of the 2021 IEEE/ACM International Conference on Advances in Social Networks Analysis and Mining},
  pages={325--332},
  year={2021}, 
  summary={importance of an edge within induced triads. edge is overt/covert,  overt and covert edge centrality. }
}
@inproceedings{shalileh2021community,
  title={Community detection in feature-rich networks to meet K-means},
  author={Shalileh, Soroosh and Mirkin, Boris},
  booktitle={Proceedings of the 2021 IEEE/ACM International Conference on Advances in Social Networks Analysis and Mining},
  pages={138--142},
  year={2021},
  summary = {Least-squares criterion and extended k means}
}
@inproceedings{caetano2021analyzing,
  title={Analyzing topic attention in online small groups},
  author={Caetano, Josemar Alves and Almeida, Jussara and Gon{\c{c}}alves, Marcos and Meira Jr, Wagner and Marques-Neto, Humberto T and Almeida, Virg{\'\i}lio},
  booktitle={Proceedings of the 2021 IEEE/ACM International Conference on Advances in Social Networks Analysis and Mining},
  pages={64--68},
  year={2021},
  summary = {For Chen work, participant activity, prevalent topic of a participant, how attention shifts over time, intensity of topic transition}
}
@inproceedings{caetano2021analyzing,
  title={Analyzing topic attention in online small groups},
  author={Caetano, Josemar Alves and Almeida, Jussara and Gon{\c{c}}alves, Marcos and Meira Jr, Wagner and Marques-Neto, Humberto T and Almeida, Virg{\'\i}lio},
  booktitle={Proceedings of the 2021 IEEE/ACM International Conference on Advances in Social Networks Analysis and Mining},
  pages={64--68},
  year={2021}
}

@inproceedings{revelle2021group,
  title={Group-node attention for community evolution prediction},
  author={Revelle, Matt and Domeniconi, Carlotta and Gelman, Ben},
  booktitle={Proceedings of the 2021 IEEE/ACM International Conference on Advances in Social Networks Analysis and Mining},
  pages={176--183},
  year={2021},
  summary= {structural and temporal information, group node attention, input learn representation of groups based on number and nodes. communities have event type: continuing, growing, merging, shrinking, and splitting. Important to see in research communities }
}
@inproceedings{zhang2022variational,
  title={Variational Graph Author Topic Modeling},
  author={Zhang, Delvin Ce and Lauw, Hady W},
  booktitle={Proceedings of the 28th ACM SIGKDD Conference on Knowledge Discovery and Data Mining},
  pages={2429--2438},
  year={2022},
  doi = {https://doi.org/10.1145/3534678.3539310},
  summary = {authorship information modeling, Variational Graph Auto Encoder, documents integrate semantically and authorship and venue modeling in VGAE framework, intra and cross-topic propagation, }
}
@inproceedings{wu2022clare,
  title={Clare: A semi-supervised community detection algorithm},
  author={Wu, Xixi and Xiong, Yun and Zhang, Yao and Jiao, Yizhu and Shan, Caihua and Sun, Yiheng and Zhu, Yangyong and Yu, Philip S},
  booktitle={Proceedings of the 28th ACM SIGKDD Conference on Knowledge Discovery and Data Mining},
  pages={2059--2069},
  year={2022},
  summary={fraud community detection in transaction network. reinforcement learning, locate communities and refine them, an intelligent decision like adding or dropping nodes to refine community structure. Detect fraud groups to pinpoint remaining fraud community}
}
@inproceedings{wang2022task,
  title={Task-adaptive few-shot node classification},
  author={Wang, Song and Ding, Kaize and Zhang, Chuxu and Chen, Chen and Li, Jundong},
  booktitle={Proceedings of the 28th ACM SIGKDD Conference on Knowledge Discovery and Data Mining},
  pages={1910--1919},
  year={2022},
  doi = {https://doi.org/10.1145/3534678.3539265},
  summary = {learn meta knowledge cross classes with abundant nodes, then transfer knowledge to the classes with limited labeled nodes. }
}
@inproceedings{esmaeili2022fair,
  title={Fair Labeled Clustering},
  author={Esmaeili, Seyed A and Duppala, Sharmila and Dickerson, John P and Brubach, Brian},
  booktitle={Proceedings of the 28th ACM SIGKDD Conference on Knowledge Discovery and Data Mining},
  pages={327--335},
  year={2022},
  doi = {https://doi.org/10.1145/3534678.3539451},

}
@inproceedings{bera2020count,
  title={How to count triangles, without seeing the whole graph},
  author={Bera, Suman K and Seshadhri, C},
  booktitle={Proceedings of the 26th ACM SIGKDD International Conference on Knowledge Discovery \& Data Mining},
  pages={306--316},
  year={2020},
  summary = {sublinear algorithm, counting triangles from real large graph}
}
@inproceedings{mandaglio2019dynamic,
  title={Dynamic consensus community detection and combinatorial multi-armed bandit},
  author={Mandaglio, Domenico and Tagarelli, Andrea},
  booktitle={Proceedings of the 2019 IEEE/ACM International Conference on Advances in Social Networks Analysis and Mining},
  pages={184--187},
  year={2019},
  doi = {https://doi.org/10.1145/3341161.3342910},
  summary = {temporal community detection, long -term changes in community formation and newly formed community structure. }
}
@inproceedings{tshimula2019har,
  title={Har-search: A method to discover hidden affinity relationships in online communities},
  author={Tshimula, Jean Marie and Chikhaoui, Belkacem and Wang, Shengrui},
  booktitle={Proceedings of the 2019 IEEE/ACM International Conference on Advances in Social Networks Analysis and Mining},
  pages={176--183},
  year={2019},
  doi = {https://doi.org/10.1145/3341161.3342888},
  summary = {track evaluation of affinity over time and predict affinity relationship arisen from influence of community members, evaluation over time}
}
@inproceedings{mehrabi2019debiasing,
  title={Debiasing community detection: the importance of lowly connected nodes},
  author={Mehrabi, Ninareh and Morstatter, Fred and Peng, Nanyun and Galstyan, Aram},
  booktitle={Proceedings of the 2019 IEEE/ACM International Conference on Advances in Social Networks Analysis and Mining},
  pages={509--512},
  year={2019},
  doi = {https://doi.org/10.1145/3341161.3342915},
  summary = {incorporate lowly connected users into larger groups. dataset = election data, }
}

@inproceedings{mckay2022and,
  title={Who am I, and who are you, and who are we? A Scientometric Analysis of Gender and Geography in HCI},
  author={McKay, Dana and Zhang, Huiwen and Buchanan, George},
  booktitle={Proceedings of the 2022 CHI Conference on Human Factors in Computing Systems},
  pages={1--19},
  year={2022}
}
@article{molwitz2023female,
  title={Female author representation differs between journals from the United States of America, Europe, and Asia: a 10-year comparison of five medical disciplines},
  author={Molwitz, Isabel and Keller, Sarah and Wolf-Baldauf, Liesa and Ozga, Ann-Kathrin and Nguyen, Thai-An and Wedekind, Ilka and Zhao, Jing and Can, Elif and Kamo, Minobu and Yamamura, Jin},
  journal={Scientometrics},
  volume={128},
  number={3},
  pages={1583--1600},
  year={2023},
  publisher={Springer}, 
  interest = {Proportion of female first and senior authors in geographical representation. Department of mixed sex and same sex. Knowledge about this help regional to raise awareness and grants.  first nameâ€™s gender (Gender API, Passau, Germany), Author analysis section is important. }

@article{wang2022survey,
  title={A survey on heterogeneous graph embedding: methods, techniques, applications and sources},
  author={Wang, Xiao and Bo, Deyu and Shi, Chuan and Fan, Shaohua and Ye, Yanfang and Philip, S Yu},
  journal={IEEE Transactions on Big Data},
  year={2022},
  publisher={IEEE}
}
@article{tang2016survey,
  title={A survey of signed network mining in social media},
  author={Tang, Jiliang and Chang, Yi and Aggarwal, Charu and Liu, Huan},
  journal={ACM Computing Surveys (CSUR)},
  volume={49},
  number={3},
  pages={1--37},
  year={2016},
  publisher={ACM New York, NY, USA}
}
@article{shi2016survey,
  title={A survey of heterogeneous information network analysis},
  author={Shi, Chuan and Li, Yitong and Zhang, Jiawei and Sun, Yizhou and Philip, S Yu},
  journal={IEEE Transactions on Knowledge and Data Engineering},
  volume={29},
  number={1},
  pages={17--37},
  year={2016},
  publisher={IEEE}
}
@article{su2022comprehensive,
  title={A comprehensive survey on community detection with deep learning},
  author={Su, Xing and Xue, Shan and Liu, Fanzhen and Wu, Jia and Yang, Jian and Zhou, Chuan and Hu, Wenbin and Paris, Cecile and Nepal, Surya and Jin, Di and others},
  journal={IEEE Transactions on Neural Networks and Learning Systems},
  year={2022},
  publisher={IEEE}
}
@article{malliaros2013clustering,
  title={Clustering and community detection in directed networks: A survey},
  author={Malliaros, Fragkiskos D and Vazirgiannis, Michalis},
  journal={Physics reports},
  volume={533},
  number={4},
  pages={95--142},
  year={2013},
  publisher={Elsevier}
}
@article{su2022comprehensive,
  title={A comprehensive survey on community detection with deep learning},
  author={Su, Xing and Xue, Shan and Liu, Fanzhen and Wu, Jia and Yang, Jian and Zhou, Chuan and Hu, Wenbin and Paris, Cecile and Nepal, Surya and Jin, Di and others},
  journal={IEEE Transactions on Neural Networks and Learning Systems},
  year={2022},
  publisher={IEEE}
}
@article{jin2021survey,
  title={A survey of community detection approaches: From statistical modeling to deep learning},
  author={Jin, Di and Yu, Zhizhi and Jiao, Pengfei and Pan, Shirui and He, Dongxiao and Wu, Jia and Yu, Philip and Zhang, Weixiong},
  journal={IEEE Transactions on Knowledge and Data Engineering},
  year={2021},
  publisher={IEEE}
}
@article{kwon2017would,
  title={What would a graph look like in this layout? a machine learning approach to large graph visualization},
  author={Kwon, Oh-Hyun and Crnovrsanin, Tarik and Ma, Kwan-Liu},
  journal={IEEE transactions on visualization and computer graphics},
  volume={24},
  number={1},
  pages={478--488},
  year={2017},
  publisher={IEEE}
}
@inproceedings{kucher2015text,
  title={Text visualization techniques: Taxonomy, visual survey, and community insights},
  author={Kucher, Kostiantyn and Kerren, Andreas},
  booktitle={2015 IEEE Pacific visualization symposium (pacificVis)},
  pages={117--121},
  year={2015},
  organization={IEEE}
}
@article{abdelsadek2018community,
  title={Community extraction and visualization in social networks applied to Twitter},
  author={Abdelsadek, Youcef and Chelghoum, Kamel and Herrmann, Francine and Kacem, Imed and Otjacques, Beno{\^\i}t},
  journal={Information Sciences},
  volume={424},
  pages={204--223},
  year={2018},
  publisher={Elsevier}
}
@article{malliaros2013clustering,
  title={Clustering and community detection in directed networks: A survey},
  author={Malliaros, Fragkiskos D and Vazirgiannis, Michalis},
  journal={Physics reports},
  volume={533},
  number={4},
  pages={95--142},
  year={2013},
  publisher={Elsevier}
}
